@article{dah-wei1985,
  title = {A Method for Establishing Generalized Variational Principle},
  author = {Dah-wei, Hsueh},
  date = {1985-06},
  journaltitle = {Applied Mathematics and Mechanics},
  shortjournal = {Appl Math Mech},
  volume = {6},
  number = {6},
  pages = {501--509},
  issn = {0253-4827, 1573-2754},
  doi = {10.1007/BF01876390},
  url = {http://link.springer.com/10.1007/BF01876390},
  urldate = {2024-02-08},
  langid = {english},
}
